<record xmlns="http://www.loc.gov/MARC21/slim" xmlns:xsi="http://www.w3.org/2001/XMLSchema-instance" xsi:schemaLocation="http://www.loc.gov/MARC21/slim http://www.loc.gov/standards/marcxml/schema/MARC21slim.xsd">

  <leader>01701nab a2200157   4500</leader>
  <controlfield tag="008">150611b2000    cr f|||| |||| 00| 0 spa d</controlfield>
  <datafield tag="090" ind2=" " ind1=" ">
    <subfield code="a">REVIS 06.02.01</subfield>
  </datafield>
  <datafield ind1="1" ind2=" " tag="100">
    <subfield code="9">104</subfield>
    <subfield code="a">Tabash Blanco, Nayibe</subfield>
  </datafield>
  <datafield ind1="1" tag="245" ind2="0">
    <subfield code="a">Globalización y currículum /</subfield>
    <subfield code="c">Nayibe Tabash Blanco</subfield>
  </datafield>
  <datafield ind1=" " tag="260" ind2=" ">
    <subfield code="a">San José, Costa Rica :</subfield>
    <subfield code="b">Editorial Universidad de Costa Rica,</subfield>
    <subfield code="c">2000</subfield>
  </datafield>
  <datafield tag="300" ind2=" " ind1=" ">
    <subfield code="a">páginas 13-27</subfield>
  </datafield>
  <datafield ind2=" " tag="520" ind1=" ">
    <subfield code="a">El presente artículo comprende  una reflexión sobre el proceso de globalización y la influencia que esta ha tenido en la pertinencia cultural de currículum.
La globalización es un fenómeno básicamente económico que enlaza múltiples determinantes: sociales, políticas, culturales y ecológicas. Constituye una estrategia capitalista para crear nuevos mercados y nuevos condumidores. Este proceso ha tenido implicaciones curriculares y por ende en la educación, algunas de estas son las siguientes:
a. Ha provocado la mercantilización de la enseñanza.
b. Se está privilegiando la formación de capital humano, de profesionales y técnicos, que responden a valores e intereses globalizados, de espaldas a las necesidades de nuestras sociedades.
c. Trata de controlar e impulsar proyectos de reforma educativa ajenos al contexto nacional.
Por lo anterior, es necesario que el curriculum reconozca las distintas situaciones económicos sociales que existen tanto a nivel interno como externo, con el objeto de que se tomen en cuenta para fortalecer la identidad de la cultura nacional</subfield>
  </datafield>
  <datafield ind2="4" tag="650" ind1="1">
    <subfield code="9">1</subfield>
    <subfield code="a">EDUCACIÓN</subfield>
  </datafield>
  <datafield tag="773" ind2=" " ind1="0">
    <subfield code="d">San José, Costa Rica : Editorial de la Universidad de Costa Rica, 1997-</subfield>
    <subfield code="o">R0025</subfield>
    <subfield code="t">EDUCACIÓN: Revista de la Universidad de Costa Rica</subfield>
    <subfield code="g">Vol.24, no.1 (2000)</subfield>
  </datafield>
  <datafield ind1=" " ind2=" " tag="942">
    <subfield code="2">z</subfield>
    <subfield code="c">10</subfield>
  </datafield>
  <datafield ind1=" " ind2=" " tag="999">
    <subfield code="c">2665</subfield>
    <subfield code="d">2665</subfield>
  </datafield>
</record>